@ARTICLE	{poof,
	author = {Thomas Berg and Peter N. Belhumeur},
	title = {{POOF}: {P}art-{B}ased {O}ne-vs-{O}ne {F}eatures for Fine-Grained 		Categorization, Face Verification, and Attribute Estimation},
	booktitle = {Proc. Conf. Computer Vision and Pattern Recognition (CVPR)},
	month = {June},
	year = {2013}
}

@ARTICLE{cub,
	Title = {{The Caltech-UCSD Birds-200-2011 Dataset}},
	Author = {Wah, C. and Branson, S. and Welinder, P. and Perona, P. and Belongie, S.},
	Year = {2011},
	Institution = {California Institute of Technology},
	Number = {CNS-TR-2011-001}
}

@ARTICLE{kag,
	Title = {Right Whale Recognition},
	Year = {2016},
	Institution = {Kaggle, Northeast Fisheries Science Center}
}

@ARTICLE{vlf,
 Author = {A. Vedaldi and B. Fulkerson},
 Title = {{VLFeat}: An Open and Portable Library
          of Computer Vision Algorithms},
 Year  = {2008},
 Howpublished = {\url{http://www.vlfeat.org/}}
}

@ARTICLE{fel,
 author = {Felzenszwalb, Pedro F. and Girshick, Ross B. and McAllester, David and Ramanan, Deva},
 title = {Object Detection with Discriminatively Trained Part-Based Models},
 journal = {IEEE Trans. Pattern Anal. Mach. Intell.},
 issue_date = {September 2010},
 volume = {32},
 number = {9},
 month = sep,
 year = {2010},
 issn = {0162-8828},
 pages = {1627--1645}
} 

@ARTICLE{snap,
author = {Thomas Berg and Jiongxin Liu and Seung Woo Lee and Michelle L. Alexander and David W. Jacobs and Peter N. Belhumeur},
title = {Birdsnap: Large-scale Fine-grained Visual Categorization of Birds},
booktitle = {Proc. Conf. Computer Vision and Pattern Recognition (CVPR)},
month = {June},
year = {2014}
}

@ARTICLE{pedes,
 author = {Dalal, Navneet and Triggs, Bill},
 title = {Histograms of Oriented Gradients for Human Detection},
 booktitle = {Proceedings of the 2005 IEEE Computer Society Conference on Computer Vision and Pattern Recognition (CVPR'05) - Volume 1 - Volume 01},
 series = {CVPR '05},
 year = {2005},
 isbn = {0-7695-2372-2},
 pages = {886--893},
 numpages = {8},
 url = {http://dx.doi.org/10.1109/CVPR.2005.177},
 doi = {10.1109/CVPR.2005.177},
 acmid = {1069007},
 publisher = {IEEE Computer Society},
 address = {Washington, DC, USA}
} 

@ARTICLE{dpm,
author = {Zhang, Ning and Farrell, Ryan and Iandola, Forrest and Darrell, Trevor},
title = {Deformable Part Descriptors for Fine-Grained Recognition and Attribute Prediction},
booktitle = {The IEEE International Conference on Computer Vision (ICCV)},
month = {December},
year = {2013}
}

@ARTICLE{birdlets,
	title = {Birdlets: Subordinate categorization using volumetric primitives and pose-normalized appearance},
	booktitle = {Computer Vision (ICCV), 2011 IEEE International Conference on},
	year = {2011},
	month = {Nov},
	doi = {10.1109/ICCV.2011.6126238},
	author = {Farrell, R. and Oza, O. and Ning Zhang and Morariu, V.I and Darrell, T. and Davis, L.S.}
}

@ARTICLE{cnn,
    Author = {Tsung-Yu Lin, Aruni RoyChowdhury, and Subhransu Maji},
    Title = {Bilinear CNN Models for Fine-grained Visual Recognition},
    Booktitle = {International Conference on Computer Vision (ICCV)},
    Year = {2015}
}

@article{cnn2,
  author    = {Ning Zhang and
               Jeff Donahue and
               Ross B. Girshick and
               Trevor Darrell},
  title     = {Part-based R-CNNs for Fine-grained Category Detection},
  journal   = {CoRR},
  volume    = {abs/1407.3867},
  year      = {2014},
  url       = {http://arxiv.org/abs/1407.3867},
  timestamp = {Fri, 01 Aug 2014 13:50:01 +0200},
  biburl    = {http://dblp.uni-trier.de/rec/bib/journals/corr/ZhangDGD14},
  bibsource = {dblp computer science bibliography, http://dblp.org}
}